<record><leader>00000cas a22000007a 4500</leader><controlfield tag="001">12224326</controlfield><controlfield tag="008">850702d186u1965nyuwr ne      0    0eng d</controlfield><datafield ind1=" " ind2=" " tag="010"><subfield code="a">sn 85026436 </subfield></datafield><datafield ind1=" " ind2=" " tag="040"><subfield code="a">NPX</subfield><subfield code="b">eng</subfield><subfield code="c">NPX</subfield><subfield code="d">NYS</subfield><subfield code="d">OCL</subfield><subfield code="d">OCLCQ</subfield></datafield><datafield ind1=" " ind2=" " tag="042"><subfield code="a">msc</subfield></datafield><datafield ind1=" " ind2=" " tag="043"><subfield code="a">n-us-ny</subfield></datafield><datafield ind1="0" ind2="4" tag="245"><subfield code="a">The Morris chronicle.</subfield></datafield><datafield ind1=" " ind2=" " tag="260"><subfield code="a">Morris, N.Y. :</subfield><subfield code="b">L.P. Carpenter</subfield></datafield><datafield ind1=" " ind2=" " tag="300"><subfield code="a">v.</subfield></datafield><datafield ind1=" " ind2=" " tag="310"><subfield code="a">Weekly</subfield></datafield><datafield ind1="1" ind2=" " tag="362"><subfield code="a">Began in 1865?</subfield><subfield code="z">Cf. Hist. of Otsego Co., N.Y., 1878.</subfield></datafield><datafield ind1="1" ind2=" " tag="362"><subfield code="a">Ceased in Sept. 1965.</subfield><subfield code="z">Cf. Faibisoff, S.G. Bibl. of newspapers in 14 N.Y. counties.</subfield></datafield><datafield ind1=" " ind2=" " tag="500"><subfield code="a">Publishers: L.P. Carpenter, &lt;1869-1873&gt;; L.P. Carpenter &amp; Son, &lt;1876-1877&gt;; L.P. &amp; E.E. Carpenter, &lt;1884-1896&gt;; L.P. Carpenter's Sons, &lt;1904-1905&gt;; L.P. Carpenter's Son, &lt;1908-1918&gt;; Preston Wright, &lt;1924-1925&gt;; Robert F. Stafford, &lt;1934&gt;; John A. Bacon, &lt;1962&gt;.</subfield></datafield><datafield ind1=" " ind2=" " tag="500"><subfield code="a">Editors: Leman P. Carpenter, &lt;1876-1896&gt;; Edwin E. Carpenter, &lt;1876-1896&gt;; S. Franklin Waite, &lt;1923&gt;; Preston Wright, &lt;1924&gt;.</subfield></datafield><datafield ind1=" " ind2=" " tag="500"><subfield code="a">"Combining the Otego Valley news, Hartwick and the Edmeston local," &lt;1962&gt;.</subfield></datafield><datafield ind1=" " ind2=" " tag="580"><subfield code="a">Merged with: South New Berlin bee; and Otsego journal to form: Otsego-Chenango bee journal chronicle. Cf. Faibisoff, S.G. Bibl. of newspapers in 14 N.Y. counties.</subfield></datafield><datafield ind1=" " ind2=" " tag="588"><subfield code="a">Description based on: Vol. 3, no. 7 (May 26, 1869) = Whole no. 111.</subfield></datafield><datafield ind1=" " ind2="0" tag="651"><subfield code="a">Morris (N.Y.)</subfield><subfield code="v">Newspapers.</subfield></datafield><datafield ind1=" " ind2=" " tag="752"><subfield code="a">United States</subfield><subfield code="b">New York</subfield><subfield code="c">Otsego</subfield><subfield code="d">Morris.</subfield></datafield><datafield ind1="0" ind2="0" tag="780"><subfield code="t">Otsego chronicle</subfield><subfield code="w">(DLC)sn 93063941</subfield></datafield><datafield ind1="0" ind2="5" tag="780"><subfield code="t">Otego Valley news (Hartwick, N.Y.)</subfield><subfield code="w">(DLC)sn 92062082</subfield></datafield><datafield ind1="0" ind2="5" tag="780"><subfield code="t">Edmeston local</subfield><subfield code="g">1961</subfield><subfield code="w">(DLC)sn 91066382</subfield></datafield><datafield ind1="1" ind2="7" tag="785"><subfield code="t">South New Berlin bee</subfield><subfield code="w">(DLC)sn 92061740</subfield></datafield><datafield ind1="1" ind2="7" tag="785"><subfield code="t">Otsego journal</subfield><subfield code="w">(DLC)sn 83031134</subfield></datafield><datafield ind1="1" ind2="7" tag="785"><subfield code="t">Otsego-Chenango bee journal chronicle</subfield><subfield code="w">(DLC)sn 91066324</subfield></datafield><datafield ind1="1" ind2=" " tag="029"><subfield code="a">AU@</subfield><subfield code="b">000023088555</subfield></datafield></record>